@online{raincube,
  author = {JPL} ,
  title = {RainCube},
  year = {},
  month = {},
  url = {https://www.jpl.nasa.gov/cubesat/missions/raincube.php},
  urldate = {2021-08-10}
}

@online{sun_sensor,
  author = {SolarMems} ,
  title = {SSOC-D60 Sun Sensor datasheet},
  year = {},
  month = {},
  url = {https://www.solar-mems.com/wp-content/uploads/2020/04/Solar-MEMS-SSOC-D60.pdf},
  urldate = {2021-08-11}
}

@online{star_tracker,
  author = {arcsec} ,
  title = {Sagitta star tracker datasheet},
  year = {},
  month = {},
  url = {http://www.arcsec.space/wp-content/uploads/2021/04/arcsec-Star-Tracker-Datasheet.pdf},
  urldate = {2021-08-11}
}

@online{magnetometer,
  author = {New Space Systems} ,
  title = {NSS Magnetometer datasheet},
  year = {},
  month = {},
  url = {https://www.newspacesystems.com/wp-content/uploads/2020/10/NewSpace-Magnetometer_2020_10a.pdf},
  urldate = {2021-08-11}
}

@online{magnetorquer,
  author = {GomSpace} ,
  title = {GST-600 datasheet},
  year = {},
  month = {},
  url = {https://gomspace.com/shop/subsystems/attitude-orbit-control-systems/nanotorque-gst-600.aspx},
  urldate = {2021-08-11}
}

@online{reaction_wheels,
  author = {NanoAvionics} ,
  title = {SatBus 4RW0 datasheet},
  year = {},
  month = {},
  url = {https://nanoavionics.com/cubesat-components/cubesat-reaction-wheels-control-system-satbus-4rw/},
  urldate = {2021-08-11}
}

@online{raincube_orbit,
  author = {N2YO.com} ,
  title = {RainCube (NORAD ID 43548) TLE},
  year = {},
  month = {},
  url = {https://www.n2yo.com/satellite/?s=43548},
  urldate = {2021-08-11}
}

@article{igrf,
author = {Mandea, Mioara},
year = {2000},
month = {01},
title = {International Geomagnetic Reference Field--2000},
volume = {157},
journal = {Phys. Earth planet. Int.},
doi = {10.1007/PL00001062}
}

@book{cira72,
  title={CIRA 1972: COSPAR International Reference Atmosphere 1972},
  author={COSPAR. Committee for the COSPAR International Reference Atmosphere},
  lccn={75307068},
  url={https://books.google.it/books?id=n4Z6AAAAIAAJ},
  year={1972},
  publisher={Akademie-Verlag}
}

@incollection{curtis,
title = {Chapter 12 - Introduction to Orbital Perturbations},
editor = {Howard D. Curtis},
booktitle = {Orbital Mechanics for Engineering Students (Third Edition)},
publisher = {Butterworth-Heinemann},
edition = {Third Edition},
address = {Boston},
pages = {651-720},
year = {2014},
isbn = {978-0-08-097747-8},
doi = {https://doi.org/10.1016/B978-0-08-097747-8.00012-8},
url = {https://www.sciencedirect.com/science/article/pii/B9780080977478000128},
author = {Howard D. Curtis},
}

@book{biggs,
title = {Lecture notes for the course "Spacecraft attitude dynamics and control"},
author = {Biggs, James Douglas},
year = {2019},
publisher =  {Politecnico di Milano}
}

@book{bernelli,
title = {Lecture notes for the course "Spacecraft attitude dynamics and control"},
author = {Bernelli Zazzera, Franco},
year = {2020},
publisher =  {Politecnico di Milano}
}

@book{dozio,
title = {Lecture notes for the course "Dynamics and control of space structures"},
author = {Dozio, Lorenzo},
year = {2020},
publisher =  {Politecnico di Milano}
}